<record><leader>00000cas a22000007a 4500</leader><controlfield tag="001">19295744</controlfield><controlfield tag="008">890303d191819uumsuuu ne      0    0eng d</controlfield><datafield ind1=" " ind2=" " tag="010"><subfield code="a">sn 89065001 </subfield></datafield><datafield ind1=" " ind2=" " tag="040"><subfield code="a">MSJ</subfield><subfield code="b">eng</subfield><subfield code="c">MSJ</subfield><subfield code="d">OCLCQ</subfield></datafield><datafield ind1=" " ind2=" " tag="042"><subfield code="a">msc</subfield></datafield><datafield ind1="0" ind2="4" tag="245"><subfield code="a">The Laurel patriot.</subfield></datafield><datafield ind1=" " ind2=" " tag="260"><subfield code="a">Laurel, Miss. :</subfield><subfield code="b">H.L. Lyons</subfield></datafield><datafield ind1=" " ind2=" " tag="300"><subfield code="a">v.</subfield></datafield><datafield ind1="1" ind2=" " tag="362"><subfield code="a">Began in 1918.</subfield></datafield><datafield ind1=" " ind2=" " tag="588"><subfield code="a">Description based on: Vol. 1, no. 2 (June 31, 1918).</subfield></datafield><datafield ind1=" " ind2=" " tag="752"><subfield code="a">United States</subfield><subfield code="b">Mississippi</subfield><subfield code="c">Jones</subfield><subfield code="d">Laurel.</subfield></datafield></record>